<record><leader>00000cas a22000007a 4500</leader><controlfield tag="001">12717929</controlfield><controlfield tag="008">851025d18831949wiuwr ne      0    0eng d</controlfield><datafield ind1=" " ind2=" " tag="010"><subfield code="a">sn 85041266 </subfield></datafield><datafield ind1=" " ind2=" " tag="040"><subfield code="a">NPV</subfield><subfield code="b">eng</subfield><subfield code="c">NPV</subfield><subfield code="d">OCLCQ</subfield></datafield><datafield ind1=" " ind2=" " tag="042"><subfield code="a">msc</subfield></datafield><datafield ind1=" " ind2=" " tag="045"><subfield code="a">w8x4</subfield></datafield><datafield ind1=" " ind2=" " tag="052"><subfield code="a">4123</subfield><subfield code="b">C6</subfield></datafield><datafield ind1="0" ind2="4" tag="245"><subfield code="a">The Cambria news.</subfield></datafield><datafield ind1=" " ind2=" " tag="260"><subfield code="a">Cambria, Wis. :</subfield><subfield code="b">J.F. Streeter,</subfield><subfield code="c">-1949.</subfield></datafield><datafield ind1=" " ind2=" " tag="300"><subfield code="a">v. :</subfield><subfield code="b">ill.</subfield></datafield><datafield ind1=" " ind2=" " tag="310"><subfield code="a">Weekly</subfield></datafield><datafield ind1="0" ind2=" " tag="362"><subfield code="a">-v. 65, no. 21 (May 26, 1949).</subfield></datafield><datafield ind1="1" ind2=" " tag="362"><subfield code="a">Began Apr., 1883.</subfield><subfield code="z">Cf. Oehlerts, d. E. Guide to Wis. newspapers.</subfield></datafield><datafield ind1=" " ind2=" " tag="500"><subfield code="a">Publisher varies.</subfield></datafield><datafield ind1=" " ind2=" " tag="500"><subfield code="a">Editors: J.F. Streeter, &lt;Oct. 27, 1893&gt;-July 15, 1912; O.G. Stiles, July 12, 1912-Jan. 3, 1913; A.G. Stiles, Jan. 10-March 14, 1913; E.F. Krueger, March 21, 1913-June 11, 1926; B.W. Hughes, June 18, 1926-Sept. 30, 1932; Mrs. B.W. Hughes, Oct. 7, 1932-July 27, 1945; P. Vander Meulen, Aug. 3, 1945-Feb. 7, 1947; C.W. Spalthoff, Nov. 6, 1947; S.J. Cupery, &lt;Dec. 11, 1947&gt;-Feb. 19, 1948.</subfield></datafield><datafield ind1=" " ind2=" " tag="525"><subfield code="a">Supplements accompany some issues.</subfield></datafield><datafield ind1=" " ind2=" " tag="530"><subfield code="a">Available on microfilm from the State Historical Society of Wisconsin.</subfield></datafield><datafield ind1=" " ind2=" " tag="588"><subfield code="a">Description based on: Vol. 10, no. 26 (Oct. 27, 1893).</subfield></datafield><datafield ind1=" " ind2=" " tag="752"><subfield code="a">United States</subfield><subfield code="b">Wisconsin</subfield><subfield code="c">Columbia</subfield><subfield code="d">Cambria.</subfield></datafield><datafield ind1="0" ind2="4" tag="785"><subfield code="t">Pardeeville-Wyocena times</subfield><subfield code="w">(DLC)sn 86086017</subfield></datafield><datafield ind1="1" ind2=" " tag="029"><subfield code="a">AU@</subfield><subfield code="b">000023481850</subfield></datafield></record>